<?xml version="1.0" encoding="UTF-8"?><collection><record><leader>04395ntm a2200529 a 4500</leader><controlfield tag="001">006796272</controlfield><controlfield tag="003">MiAaHDL</controlfield><controlfield tag="005">20190719000000.0</controlfield><controlfield tag="006">m        d        </controlfield><controlfield tag="007">cr bn ---auaua</controlfield><controlfield tag="008">090521q16uu17uuxx            00| ||ara d</controlfield><datafield tag="035" ind1=" " ind2=" "><subfield code="a">(MiU)006796272</subfield></datafield><datafield tag="035" ind1=" " ind2=" "><subfield code="a">sdr-miu006796272</subfield></datafield><datafield tag="040" ind1=" " ind2=" "><subfield code="a">MiU</subfield><subfield code="c">MiU</subfield><subfield code="e">amremm</subfield></datafield><datafield tag="043" ind1=" " ind2=" "><subfield code="a">n-us-mi</subfield></datafield><datafield tag="245" ind1="0" ind2="0"><subfield code="6">880-01</subfield><subfield code="a">[Calligraphic specimen,</subfield><subfield code="f">17th or 18th century?].</subfield></datafield><datafield tag="260" ind1=" " ind2=" "><subfield code="c">[16-- or 17--?].</subfield></datafield><datafield tag="300" ind1=" " ind2=" "><subfield code="a">10 panels :</subfield><subfield code="b">paper ;</subfield><subfield code="c">252 x 168 (172 x 93) mm.</subfield></datafield><datafield tag="500" ind1=" " ind2=" "><subfield code="a">Shelfmark: Ann Arbor, University of Michigan, Special Collections Library, Isl. Ms. 235</subfield></datafield><datafield tag="500" ind1=" " ind2=" "><subfield code="a">Origin: As appears in colophon, executed by one Ḥamdī [Hamdî] with possible date or number for this piece.</subfield></datafield><datafield tag="500" ind1=" " ind2=" "><subfield code="a">Former shelfmark: "567 T. De M. [i.e. Tammaro De Marinis]" inscribed in pencil on interior of upper cover.</subfield></datafield><datafield tag="500" ind1=" " ind2=" "><subfield code="a">Binding: Pasteboards covered in golden olive-tinted and gold-flecked paper with black leather over board edges/turn-ins (leather edged / framed binding) ; board linings in yellow-tinted paper ; upper and lower covers carry gold-tooled and gold-painted rosettes and guilloché roll border ; panels hinged together with dark brown to black leather ; in fair condition with some abrasion and lifting of leather at board edges and joints/hinges (some split).</subfield></datafield><datafield tag="500" ind1=" " ind2=" "><subfield code="a">Support: Well-burnished European laid paper bordered by strips of marbled paper and tinted-frame (orange, pink, etc. though papers of facing panels match) ; watermark faintly visible in final panel but difficult to make out.</subfield></datafield><datafield tag="500" ind1=" " ind2=" "><subfield code="a">Decoration: Written area surrounded by frame consisting of strips of marbled paper (in pink, blue, and white) flanked by white and green fillets and heavy and narrow gold bands outlined in black fillets ; panels within written area surrounded by narrow gold band ; textual dividers in the form illuminated rosettes with white, pink, red and blue accents ; additional illuminated floral accents appear above elongated horizontal strokes and elsewhere to set-off text.</subfield></datafield><datafield tag="500" ind1=" " ind2=" "><subfield code="a">Script: Fine specimen of Ottoman calligraphy ; opening line of each page in thuluth ; four centered lines thereafter in naskh ; fully vocalized.</subfield></datafield><datafield tag="500" ind1=" " ind2=" "><subfield code="a">Layout: Written in 5 lines per page, one large line in thuluth and four more compact lines in naskh ; written area divided to upper panel (accommodating the large line) and centered lower panel (for the shorter lines).</subfield></datafield><datafield tag="500" ind1=" " ind2=" "><subfield code="a">Collation: Ten 'panels' (consisting of written area and border pieces mounted on another leaf) hinged together in accordion format (opens vertically) ; 'pagination' in black ink, Hindu-Arabic numerals, appears in the upper left-hand corner of each panel.</subfield></datafield><datafield tag="500" ind1=" " ind2=" "><subfield code="a">Colophon: "Scribal," reads: "كتبه المذنب حمدى ۷۹"</subfield></datafield><datafield tag="500" ind1=" " ind2=" "><subfield code="a">Explicit: "وللخازن مثل ذلك لا ينقض بعضهم اجر بعض شيئا اللهم صل وسلم على اشرف الخلق محمد واله الطاهرين"</subfield></datafield><datafield tag="500" ind1=" " ind2=" "><subfield code="a">Incipit: "قال رسول الله صلى الله عليه وسلم عن ابي هريرة رض قال قال النبي صلى الله عليه وسلم اذا مضى شطر الليل او ثلثاه ينزل الله تبارك وتعالى الى سماء الدنيا ..."</subfield></datafield><datafield tag="500" ind1=" " ind2=" "><subfield code="a">Title supplied by cataloguer.</subfield></datafield><datafield tag="500" ind1=" " ind2=" "><subfield code="a">Ms. codex.</subfield></datafield><datafield tag="520" ind1="8" ind2=" "><subfield code="a">Fine album of calligraphy (muraqqaʻ or murakkaa) employing the text of assorted ḥadīth, executed by one Hamdî.</subfield></datafield><datafield tag="538" ind1=" " ind2=" "><subfield code="a">Mode of access: Internet.</subfield></datafield><datafield tag="541" ind1=" " ind2=" "><subfield code="c">Purchase ;</subfield><subfield code="a">Acquired by purchase (funds donated by Horace Rackham).</subfield><subfield code="d">1924.</subfield></datafield><datafield tag="546" ind1=" " ind2=" "><subfield code="a">Arabic.</subfield></datafield><datafield tag="561" ind1=" " ind2=" "><subfield code="a">Inscriptions in pencil on interior of upper cover "567 T. De M. [i.e. Tammaro De Marinis]" ; clean copy.</subfield></datafield><datafield tag="650" ind1=" " ind2="0"><subfield code="a">Manuscripts, Arabic</subfield><subfield code="z">Michigan</subfield><subfield code="z">Ann Arbor.</subfield></datafield><datafield tag="650" ind1=" " ind2="0"><subfield code="a">Islamic calligraphy</subfield><subfield code="v">Specimens.</subfield></datafield><datafield tag="650" ind1=" " ind2="0"><subfield code="a">Writing, Arabic</subfield><subfield code="v">Specimens.</subfield></datafield><datafield tag="650" ind1=" " ind2="0"><subfield code="a">Calligraphy, Arabic</subfield><subfield code="v">Specimens.</subfield></datafield><datafield tag="650" ind1=" " ind2="0"><subfield code="a">Hadith</subfield><subfield code="v">Texts</subfield><subfield code="v">Early works to 1800.</subfield></datafield><datafield tag="700" ind1="0" ind2=" "><subfield code="a">Abdülhamid</subfield><subfield code="b">II,</subfield><subfield code="c">Sultan of the Turks,</subfield><subfield code="d">1842-1918,</subfield><subfield code="e">former owner.</subfield></datafield><datafield tag="700" ind1="0" ind2=" "><subfield code="6">880-04</subfield><subfield code="a">Hamdî,</subfield><subfield code="e">calligrapher.</subfield></datafield><datafield tag="773" ind1="0" ind2=" "><subfield code="a">Abdul Hamid Collection.</subfield></datafield><datafield tag="880" ind1="0" ind2=" "><subfield code="6">700-04/</subfield><subfield code="a">حمدى،</subfield><subfield code="e">خطاط.</subfield></datafield><datafield tag="880" ind1="0" ind2="0"><subfield code="6">245-01/</subfield><subfield code="a">[مرقع حسن الخط,</subfield><subfield code="f">القرن 17 او 18م؟].</subfield></datafield><datafield tag="CID" ind1=" " ind2=" "><subfield code="a">006796272</subfield></datafield><datafield tag="DAT" ind1="0" ind2=" "><subfield code="a">20190719102636.0</subfield><subfield code="b">20190719000000.0</subfield></datafield><datafield tag="DAT" ind1="1" ind2=" "><subfield code="a">20190719090653.0</subfield><subfield code="b">2019-07-19T16:11:03Z</subfield></datafield><datafield tag="DAT" ind1="2" ind2=" "><subfield code="a">2015-10-02T18:00:03Z</subfield></datafield><datafield tag="CAT" ind1=" " ind2=" "><subfield code="a">SDR-MIU</subfield><subfield code="d">EX LIBRIS - ALEPH</subfield><subfield code="l">prepare.pl-004-008</subfield></datafield><datafield tag="FMT" ind1=" " ind2=" "><subfield code="a">BK</subfield></datafield><datafield tag="HOL" ind1=" " ind2=" "><subfield code="0">sdr-miu006796272</subfield><subfield code="a">MiU</subfield><subfield code="b">SDR</subfield><subfield code="c">MIU</subfield><subfield code="p">mdp.39015079126069</subfield><subfield code="s">MIU</subfield><subfield code="1">006796272</subfield></datafield><datafield tag="974" ind1=" " ind2=" "><subfield code="b">MIU</subfield><subfield code="c">MIU</subfield><subfield code="d">20190719</subfield><subfield code="s">lit-dlps-dc</subfield><subfield code="u">mdp.39015079126069</subfield><subfield code="y">1799</subfield><subfield code="r">pd</subfield><subfield code="q">bib</subfield><subfield code="t">non-US bib date2 &lt; 1896</subfield></datafield></record></collection>